@article{pusuluri2018,
  title={Homoclinic chaos and its organization in a nonlinear optics model},
  author={Pusuluri, Krishna and Shilnikov, Andrey L},
  journal={arXiv preprint arXiv:1806.01309},
  year={2018}
}

@incollection{pusuluri2017,
  title={Unraveling the Chaos-land and its organization in the Rabinovich System},
  author={Pusuluri, Krishna and Pikovsky, Arkady and Shilnikov, Andrey},
  booktitle={Advances in Dynamics, Patterns, Cognition},
  pages={41--60},
  year={2017},
  publisher={Springer}
}

@article{ju2018,
  title={Bottom-up approach to torus bifurcation in neuron models},
  author={Ju, Huiwen and Neiman, Alexander and Shilnikov, Andrey},
  journal={arXiv preprint arXiv:1805.11719},
  year={2018}
}

@article{shilnikov2012,
  title={Complete dynamical analysis of a neuron model},
  author={Shilnikov, Andrey},
  journal={Nonlinear Dynamics},
  volume={68},
  number={3},
  pages={305--328},
  year={2012},
  publisher={Springer}
}

@article{barrio2014,
  title={Macro-and micro-chaotic structures in the Hindmarsh-Rose model of bursting neurons},
  author={Barrio, Roberto and Angeles Mart{\'\i}nez, M and Serrano, Sergio and Shilnikov, Andrey},
  journal={Chaos: An Interdisciplinary Journal of Nonlinear Science},
  volume={24},
  number={2},
  pages={023128},
  year={2014},
  publisher={AIP}
}

@book{perlman2016,
  title={Network security: private communication in a public world},
  author={Perlman, Radia and Kaufman, Charlie and Speciner, Mike},
  year={2016},
  publisher={Pearson Education India}
}
